@article{WifiPower,
	author    = {Vamsi Talla and
		Bryce Kellogg and
			Benjamin Ransford and
			Saman Naderiparizi and
			Shyamnath Gollakota and
			Joshua R. Smith},
	title     = {Powering the Next Billion Devices with Wi-Fi},
	journal   = {CoRR},
	volume    = {abs/1505.06815},
	year      = {2015},
	url       = {http://arxiv.org/abs/1505.06815},
	timestamp = {Mon, 01 Jun 2015 14:13:54 +0200},
	biburl    = {http://dblp.uni-trier.de/rec/bib/journals/corr/TallaKRNGS15},
	bibsource = {dblp computer science bibliography, http://dblp.org}
}
@misc{NASALaserPlane,
	author={NASA},
	title={NASA Armstrong Fact Sheet: Beamed Laser Power for UAVs},
	year={2017},
	month={March},
	url={https://www.nasa.gov/centers/armstrong/news/FactSheets/FS-087-DFRC.html}
}
@article{TechTalkMIT,
	author={Davide Castelvechhi},
	title={Wireless energy may power electronics},
	journal={TechTalk},
	volume={51},
	number={9},
	pages={1, 4},
	year={2006},
	month={November},
	url={http://news.mit.edu/2006/techtalk51-9.pdf}
}
